
@article{DBLP:journals/corr/abs-1911-12237,
  author       = {Bogdan Gliwa and
                  Iwona Mochol and
                  Maciej Biesek and
                  Aleksander Wawer},
  title        = {SAMSum Corpus: {A} Human-annotated Dialogue Dataset for Abstractive
                  Summarization},
  journal      = {CoRR},
  volume       = {abs/1911.12237},
  year         = {2019},
  url          = {http://arxiv.org/abs/1911.12237},
  eprinttype    = {arXiv},
  eprint       = {1911.12237},
  timestamp    = {Tue, 03 Dec 2019 20:41:07 +0100},
  biburl       = {https://dblp.org/rec/journals/corr/abs-1911-12237.bib},
  bibsource    = {dblp computer science bibliography, https://dblp.org}
}

@article{chawla2002smote,
  title={SMOTE: synthetic minority over-sampling technique},
  author={Chawla, Nitesh V and Bowyer, Kevin W and Hall, Lawrence O and Kegelmeyer, W Philip},
  journal={Journal of artificial intelligence research},
  volume={16},
  pages={321--357},
  year={2002}
}

@article{DBLP:journals/corr/ChenG16,
  author       = {Tianqi Chen and
                  Carlos Guestrin},
  title        = {XGBoost: {A} Scalable Tree Boosting System},
  journal      = {CoRR},
  volume       = {abs/1603.02754},
  year         = {2016},
  url          = {http://arxiv.org/abs/1603.02754},
  eprinttype    = {arXiv},
  eprint       = {1603.02754},
  timestamp    = {Sat, 17 Dec 2022 01:15:28 +0100},
  biburl       = {https://dblp.org/rec/journals/corr/ChenG16.bib},
  bibsource    = {dblp computer science bibliography, https://dblp.org}
}
